@article{fong2012cg,
  title={CG versus MINRES: An empirical comparison},
  author={Fong, David Chin-Lung and Saunders, Michael},
  journal={Sultan Qaboos University Journal for Science [SQUJS]},
  volume={17},
  number={1},
  pages={44--62},
  year={2012}
}

@article{pestana2010choice,
  title={On choice of preconditioner for minimum residual methods for nonsymmetric matrices},
  author={Pestana, Jennifer and Wathen, Andrew J},
  year={2010}
}

@book{trefethen1997numerical,
  title={Numerical linear algebra},
  author={Trefethen, Lloyd N and Bau III, David},
  volume={50},
  year={1997},
  publisher={Siam}
}

@book{golub2013matrix,
  title={Matrix computations},
  author={Golub, Gene H and Van Loan, Charles F},
  year={2013},
  publisher={JHU press}
}

@book{greenbaum1997iterative,
  title={Iterative methods for solving linear systems},
  author={Greenbaum, Anne},
  year={1997},
  publisher={SIAM}
}

@article{saad1986gmres,
  title={GMRES: A generalized minimal residual algorithm for solving nonsymmetric linear systems},
  author={Saad, Youcef and Schultz, Martin H},
  journal={SIAM Journal on scientific and statistical computing},
  volume={7},
  number={3},
  pages={856--869},
  year={1986},
  publisher={SIAM}
}

@article{choi2011minres,
  title={MINRES-QLP: A Krylov subspace method for indefinite or singular symmetric systems},
  author={Choi, Sou-Cheng T and Paige, Christopher C and Saunders, Michael A},
  journal={SIAM Journal on Scientific Computing},
  volume={33},
  number={4},
  pages={1810--1836},
  year={2011},
  publisher={SIAM}
}

@article{herzog2017modified,
  title={A modified implementation of MINRES to monitor residual subvector norms for block systems},
  author={Herzog, Roland and Soodhalter, Kirk M},
  journal={SIAM Journal on Scientific Computing},
  volume={39},
  number={6},
  pages={A2645--A2663},
  year={2017},
  publisher={SIAM}
}

@article{harman1966factor,
  title={Factor analysis by minimizing residuals (minres)},
  author={Harman, Harry H and Jones, Wayne H},
  journal={Psychometrika},
  volume={31},
  number={3},
  pages={351--368},
  year={1966},
  publisher={Springer}
}

@article{ipsen2000expressions,
  title={Expressions and bounds for the GMRES residual},
  author={Ipsen, Ilse CF},
  journal={BIT Numerical Mathematics},
  volume={40},
  number={3},
  pages={524--535},
  year={2000},
  publisher={Springer}
}

@article{manguoglu2019robust,
  title={A robust iterative scheme for symmetric indefinite systems},
  author={Manguoglu, Murat and Mehrmann, Volker},
  journal={SIAM Journal on Scientific Computing},
  volume={41},
  number={3},
  pages={A1733--A1752},
  year={2019},
  publisher={SIAM}
}

@article{carson2020three,
  title={Three-precision GMRES-based iterative refinement for least squares problems},
  author={Carson, Erin and Higham, Nicholas J and Pranesh, Srikara},
  journal={SIAM Journal on Scientific Computing},
  volume={42},
  number={6},
  pages={A4063--A4083},
  year={2020},
  publisher={SIAM}
}

@article{embree2012short,
  title={Short-term recurrence Krylov subspace methods for nearly hermitian matrices},
  author={Embree, Mark and Sifuentes, Josef A and Soodhalter, Kirk M and Szyld, Daniel B and Xue, Fei},
  journal={SIAM Journal on Matrix Analysis and Applications},
  volume={33},
  number={2},
  pages={480--500},
  year={2012},
  publisher={SIAM}
}


@article{gaul2011deflated,
  title={Deflated and augmented Krylov subspace methods: Basic facts and a breakdown-free deflated MINRES},
  author={Gaul, Andr{\'e} and Gutknecht, Martin H and Liesen, J{\"o}rg and Nabben, Reinhard},
  year={2011}
}


@article{pranic2016rational,
  title={A rational Arnoldi process with applications},
  author={Prani{\'c}, Miroslav S and Reichel, Lothar and Rodriguez, Giuseppe and Wang, Zhengsheng and Yu, Xuebo},
  journal={Numerical Linear Algebra with Applications},
  volume={23},
  number={6},
  pages={1007--1022},
  year={2016},
  publisher={Wiley Online Library}
}

@article{zha1996arnoldi,
  title={The Arnoldi process, short recursions, and displacement ranks},
  author={Zha, Hongyuan and Zhang, Zhenyue},
  journal={Linear algebra and its applications},
  volume={249},
  number={1-3},
  pages={169--188},
  year={1996},
  publisher={Elsevier}
}

@article{soodhalter2015block,
  title={A block MINRES algorithm based on the band Lanczos method},
  author={Soodhalter, Kirk M},
  journal={Numerical Algorithms},
  volume={69},
  number={3},
  pages={473--494},
  year={2015},
  publisher={Springer}
}

@article{ayachour2003fast,
  title={A fast implementation for GMRES method},
  author={Ayachour, EH},
  journal={Journal of Computational and Applied Mathematics},
  volume={159},
  number={2},
  pages={269--283},
  year={2003},
  publisher={Elsevier}
}


@article{driscoll1998potential,
  title={From potential theory to matrix iterations in six steps},
  author={Driscoll, Tobin A and Toh, Kim-Chuan and Trefethen, Lloyd N},
  journal={SIAM review},
  volume={40},
  number={3},
  pages={547--578},
  year={1998},
  publisher={SIAM}
}

@article{paige1975solution,
  title={Solution of sparse indefinite systems of linear equations},
  author={Paige, Christopher C and Saunders, Michael A},
  journal={SIAM journal on numerical analysis},
  volume={12},
  number={4},
  pages={617--629},
  year={1975},
  publisher={SIAM}
}


@book{saad2003iterative,
  title={Iterative methods for sparse linear systems},
  author={Saad, Yousef},
  year={2003},
  publisher={SIAM}
}

@article{lanczos1950iteration,
  title={An iteration method for the solution of the eigenvalue problem of linear differential and integral operators},
  author={Lanczos, Cornelius},
  year={1950},
  publisher={United States Governm. Press Office Los Angeles, CA}
}

@article{arnoldi1951principle,
  title={The principle of minimized iterations in the solution of the matrix eigenvalue problem},
  author={Arnoldi, Walter Edwin},
  journal={Quarterly of applied mathematics},
  volume={9},
  number={1},
  pages={17--29},
  year={1951}
}